%%% STAT-TRANSFER GROUP PAPERS AND SYSTEM DESCRIPTIONS: %%%%%%%%%%%%%%%%%%%%%%

@InCollection{Lavie-Cicling,
  author =    {Alon Lavie},
  title =     {{S}tat-{XFER}: A general search-based syntax-driven framework for machine translation},
  booktitle = {Computational Linguistics and Intelligent Text Processing},
  pages =     {362--375},
  publisher = {Springer},
  year =      {2008},
  series =    {Lecture Notes in Computer Science},
}

@InProceedings{Lavie-SSST,
  author =    {Alon Lavie and Alok Parlikar and Vamshi Ambati},
  title =     {Syntax-driven learning of sub-sentential translation equivalents and translation rules from parsed parallel corpora},
  booktitle = {Proceedings of the Second ACL Workshop on Syntax and Structure in Statistical Translation},
  pages =     {87--95},
  year =      {2008},
  address =   {Columbus, OH},
  month =     {June},
}

@InProceedings{AmbatiLavie-t2ts,
  author = 		 {Vamshi Ambati and Alon Lavie},
  title = 		 {Improving Syntax Driven Translation Models by Re-Structuring Divergent and Non-Isomorphic Parse Tree Structures},
  booktitle = {Proceedings of the Eighth Conference of the Association for Machine Translation in the Americas},
  pages =    {235--244},
  year = 	 {2008},
  address = 	 {Waikiki, HI},
  month = 	 {October},
}

@InProceedings{AmbatiEtAl-ts2ts,
  author = 		 {Vamshi Ambati and Alon Lavie and Jaime Carbonell},
  title = 		 {Extraction of Syntactic Translation Models from Parallel Data using Syntax from Source and Target Languages},
  booktitle = {Proceedings of the 12th Machine Translation Summit},
  pages =    {190--197},
  year = 	 {2009},
  address = 	 {Ottawa, Canada},
  month = 	 {August},
}

@InProceedings{HannemanEtAl-FrDe,
  author    = {Greg Hanneman and Edmund Huber and Abhaya Agarwal and Vamshi Ambati and Alok Parlikar and Erik Peterson and Alon Lavie},
  title     = {Statistical Transfer Systems for {F}rench--{E}nglish and {G}erman--{E}nglish Machine Translation},
  booktitle = {Proceedings of the Third Workshop on Statistical Machine Translation},
  month     = {June},
  year      = {2008},
  address   = {Columbus, OH},
  pages     = {163--166},
}

@InProceedings{HannemanEtAl-Fr2,
  author    = {Greg Hanneman and Vamshi Ambati and Jonathan H. Clark and Alok Parlikar and Alon Lavie},
  title     = {An Improved Statistical Transfer Systems for {F}rench--{E}nglish Machine Translation},
  booktitle = {Proceedings of the Fourth Workshop on Statistical Machine Translation},
  month     = {March},
  year      = {2009},
  address   = {Athens, Greece},
  pages     = {140--144},
}

@InProceedings{HannemanEtAl-Fr3,
  author    = {Greg Hanneman and Jonathan Clark and Alon Lavie},
  title     = {Improved Features and Grammar Selection for Syntax-Based {MT}},
  booktitle = {Proceedings of the Joint Fifth Workshop on Statistical Machine Translation and MetricsMATR},
  month     = {July},
  year      = {2010},
  address   = {Uppsala, Sweden},
  pages     = {82--87},
}

@InProceedings{HannemanLavie-PhraseCombo,
  author    = {Greg Hanneman and Alon Lavie},
  title     = {Decoding with Syntactic and Non-Syntactic Phrases in a Syntax-Based Machine Translation System},
  booktitle = {Proceedings of the Third Workshop on Syntax and Structure in Statistical Translation},
  month     = {June},
  year      = {2009},
  address   = {Boulder, CO},
  pages     = {1--9},
}

@InProceedings{ClarkLavie-LoonyBin,
  author    = {Jonathan Clark and Alon Lavie},
  title     = {Loony{B}in: Keeping Language Technologists Sane Through Automated Management of Experimental (Hyper)Workflows},
  booktitle = {Proceedings of the Seventh International Conference on Language Resources and Evaluation},
  month     = {May},
  year      = {2010},
  address   = {Valletta, Malta},
  pages     = {1301--1308},
}



%%% DUBLIN CITY NODE ALIGNMENTS AND PHRASE COMBINATIONS : %%%%%%%%%%%%%%%%%%%%

@InProceedings{TinsleyEtAl-Treebanks,
  author    = {John Tinsley and Mary Hearne and Andy Way},
  title     = {Exploiting Parallel Treebanks to Improve Phrase-Based Statistical Machine Translation},
  booktitle = {Proceedings of the Sixth International Workshop on Treebanks and Linguistic Theories},
  month     = {December},
  year      = {2007},
  address   = {Bergen, Norway},
  pages     = {175--187},
}

@InProceedings{ZhechevWay-DCUNodeAlignment,
  author    = {Ventsislav Zhechev and Andy Way},
  title     = {Automatic Generation of Parallel Treebanks},
  booktitle = {Proceedings of the 22nd International Conference on Computational Linguistics},
  month     = {August},
  year      = {2008},
  address   = {Manchester, England},
  pages     = {1105--1112},
}


%%% PHRASE-BASED SMT MODELS, TOOLKITS, AND TECHNIQUES: %%%%%%%%%%%%%%%%%%%%%%%

@InProceedings{KoehnEtAl-PBSMT,
  author    = {Philipp Koehn and Franz Josef Och and Daniel Marcu},
  title     = {Statistical Phrase-Based Translation},
  booktitle = {Proceedings of HLT-NAACL 2003},
  month     = {May--June},
  year      = {2003},
  address   = {Edmonton, Alberta},
  pages     = {48--54},
}

@Article{OchNey-GIZA,
  author =  {Franz Josef Och and Hermann Ney},
  title =   {A systematic comparison of various statistical alignment models},
  journal = {Computational Linguistics},
  year =    {2003},
  volume =  {29},
  number =  {1},
  pages =   {19--51},
}

@InProceedings{GaoVogel-MGIZA,
  author = 		 {Qin Gao and Stephan Vogel},
  title = 		 {Parallel Implementations of Word Alignment Tool},
  booktitle = {Software Engineering, Testing, and Quality Assurance for Natural Language Processing},
  pages =    {49--57},
  year = 	 {2008},
  address = 	 {Columbus, OH},
  month = 	 {June},
}

@InProceedings{KoehnEtAl-GrowDiagFinal,
  author = 		 {Philipp Koehn and Amittai Axelrod and Alexandra Birch Mayne and Chris Callison-Burch and Miles Osborne and David Talbot},
  title = 		 {Edinburgh System Description for the 2005 {IWSLT} Speech Translation Evaluation},
  booktitle = {Proceedings of IWSLT 2005},
  year = 	 {2005},
  address = 	 {Pittsburgh, PA},
  month = 	 {October},
}

@InProceedings{Ortiz-Sym2,
  author =    {Daniel Ortiz-Mart\'{\i}nez and Ismael Garc\'{\i}a-Varea and Francisco Casacuberta},
  title =     {Thot: A toolkit to train phrase-based models for statistical machine translation},
  booktitle = {Proceedings of the 10th Machine Translation Summit},
  pages =     {141--148},
  year =      {2005},
  address =   {Phuket, Thailand},
  month =     {September},
}

@InProceedings{KoehnEtAl-Moses,
  author    = {Philipp Koehn and Hieu Hoang and Alexandra Birch and Chris Callison-Burch and Marcello Federico and Nicola Bertoldi and Brooke Cowan and Wade Shen and Christine Moran and Richard Zens and Chris Dyer and Ondrej Bojar and Alexandra Constantin and Evan Herbst},
  title     = {Moses: Open Source Toolkit for Statistical Machine Translation},
  booktitle = {Proceedings of the ACL 2007 Demo and Poster Sessions},
  month     = {June},
  year      = {2007},
  address   = {Prague, Czech Republic},
  pages     = {177--180},
}

@Article{Brown-1990,
  author = {Peter F. Brown and John Cocke and Stephen A. Della Pietra and Vincent J. Della Pietra and Fredrick Jelinek and John D. Lafferty and Robert L. Mercer and Paul S. Roossin},
  title = {A Statistical Approach to Machine Translation},
  journal = {Computational Linguistics},
  year = {1990},
  volume = {16},
  number = {2},
  pages = {79--85},
}

@Article{Brown-IBMModels,
  author = {Peter F. Brown and Stephen A. Della Pietra and Vincent J. Della Pietra and Robert L. Mercer},
  title = {The Mathematics of Statistical Machine Translation: Parameter Estimation},
  journal = {Computational Linguistics},
  year = {1993},
  volume = {19},
  number = {2},
  pages = {263--311},
}


%%% PARSERS AND TAGGERS: %%%%%%%%%%%%%%%%%%%%%%%%%%%%%%%%%%%%%%%%%%%%%%%%%%%%%

@InCollection{KleinManning-Parser,
  author =    {Dan Klein and Christopher D. Manning},
  title =     {Fast exact inference with a factored model for natural language parsing},
  booktitle = {Advances in Neural Information Processing Systems 15},
  pages =     {3--10},
  publisher = {MIT Press},
  year =      {2003},
  OPTeditor = 	 {},
  OPTvolume = 	 {},
  OPTnumber = 	 {},
  OPTseries = 	 {},
  address =   {Cambridge, MA},
}

@InProceedings{Xerox-Parser,
  author =    {Salah A\"{\i}t-Mokhtar and Jean-Pierre Chanod and Claude Roux},
  title =     {A multi-input dependency parser},
  booktitle = {Proceedings of the Seventh International Workshop on Parsing Technologies},
  year =      {2001},
  address =   {Beijing, China},
  month =     {October},
}

@TechReport{Xerox-ParserTech,
  author =      {Salah A\"{\i}t-Mokhtar and \'Eva B\'anik and Veronika Lux},
  title =       {Linguistic Parsing of Structured Documents},
  institution = {Xerox Research Centre Europe},
  year =        {2002},
}

@InProceedings{Berkeley-Parser,
  author = 		 {Slav Petrov and Dan Klein},
  title = 		 {Improved Inference for Unlexicalized Parsing},
  booktitle = {Proceedings of NAACL HLT 2007},
  pages = 	 {404--411},
  year = 	 {2007},
  address = 	 {Rochester, NY},
  month = 	 {April},
}

@InProceedings{PetrovEtAl-GrammarRefining,
  author = 		 {Slav Petrov and Leon Barrett and Romain Thibaux and Dan Klein},
  title = 		 {Learning Accurate, Compact, and Interpretable Tree Annotation},
  booktitle = {Proceedings of the 21st International Conference on Computational Linguistics and 44th Annual Meeting of the ACL},
  pages = 	 {433--440},
  year = 	 {2006},
  address =  {Sydney, Australia},
  month = 	 {July},
}

@InProceedings{PereiraSchabes-InOutPartialBrackets,
  author = 		 {Fernando Pereira and Yves Schabes},
  title = 		 {Inside-Outside Reestimation from Partially Bracketed Corpora},
  booktitle = {Proceedings of the 30th Annual Meeting of the Association for Computational Linguistics},
  pages = 	 {128--135},
  year = 	 {1992},
  address =  {Newark, DE},
  month = 	 {June--July},
}

@InProceedings{Schmid-TreeTagger,
  author =    {Helmut Schmid},
  title =     {Improvements in part-of-speech tagging with an application to {G}erman},
  booktitle = {Proceedings of the ACL SIGDAT Workshop},
  OPTpages = 	 {},
  year =      {1995},
  OPTaddress = 	 {},
  OPTmonth = 	 {},
}

@Manual{PTBGuide,
  title = 		 {Part-of-Speech Tagging Guidelines for the {P}enn {T}reebank Project},
  author = 	 {Beatrice Santorini and Robert MacIntyre},
  organization = {University of Pennsylvania},
  address = 	 {Philadelphia, PA},
  year = 	 {1995},
  note = 	 {\url{ftp://ftp.cis.upenn.edu/pub/treebank/doc/tagguide.ps.gz}},
  OPTannote = 	 {}
}

@Article{MarcusEtAl-PennTreebank,
  author =  {Mitchell P. Marcus and Beatrice Santorini and Mary Ann Marcinkiewicz},
  title =   {Building a Large Annotated Corpus of {E}nglish: The {P}enn {T}reebank},
  journal = {Computational Linguistics},
  year =    {1993},
  volume =  {19},
  number =  {2},
  pages =   {313--330},
}

@Manual{FTBGuide,
  title = 		 {Annotation Morpho-Syntaxique: Les mots simples, les mots compos\'es},
  author = 	 {Anne Abeill\'e and Lionel Cl\'ement},
  organization = {Universit\'e Paris 7},
  address = 	 {Paris, France},
  year = 	 {2003},
  note = 	 {\url{http://www.llf.cnrs.fr/Gens/Abeille/guide-morpho-synt.02.pdf}},
  OPTannote = 	 {}
}

@InCollection{AbeilleEtAl-FrenchTreebank,
  author = 		 {Anne Abeill\'e and Lionel Cl\'ement and Fran\c{c}ois Toussenel},
  title = 		 {Building a Treebank for {F}rench},
  booktitle = 	 {Treebanks: Building and Using Parsed Corpora},
  pages = 	 {165--187},
  publisher = {Kluwer Academic Publishers},
  year = 	 {2003},
  editor = 	 {Anne Abeill\'e},
}

@Article{XueEtAl-ChineseTreebank,
  author = 		 {Nianwen Xue and Fei Xia and Fu-Dong Chiou and Martha Palmer},
  title = 		 {The {P}enn {C}hinese {T}reebank: Phrase Structure Annotation of a Large Corpus},
  journal = 	 {Natural Language Engineering},
  year = 		 {2005},
  volume = 	 {11},
  number = 	 {2},
  pages = 	 {207--238},
}

%%% AUTOMATIC METRICS: %%%%%%%%%%%%%%%%%%%%%%%%%%%%%%%%%%%%%%%%%%%%%%%%%%%%%%%

@InProceedings{Papineni-BLEU,
  author =    {Kishore Papineni and Salim Roukos and Todd Ward and Wei-Jing Zhu},
  title =     {{BLEU}: A method for automatic evalution of machine translation},
  booktitle = {Proceedings of the 40th Annual Meeting of the Association for Computational Linguistics},
  pages =     {311--318},
  year =      {2002},
  address =   {Philadelphia, PA},
  month =     {July},
}

@InProceedings{Lavie-METEOR,
  author =    {Alon Lavie and Abhaya Agarwal},
  title =     {{METEOR}: An automatic metric for {MT} evaluation with high levels of correlation with human judgments},
  booktitle = {Proceedings of the Second Workshop on Statistical Machine Translation},
  pages =     {228--231},
  year =      {2007},
  address =   {Prague, Czech Republic},
  month =     {June},
}

@Article{LavieDenkowski-METEOR,
  author = {Alon Lavie and Michael J. Denkowski},
  title = {The {METEOR} Metric for Automatic Evaluation of Machine Translation},
  journal = {Machine Translation},
  year = {2009},
  volume = {23},
  number = {2--3},
  pages = {105--115},
}

@InProceedings{Snover-TER,
  author =    {Matthew Snover and Bonnie Dorr and Richard Schwartz and Linnea Micciulla and John Makhoul},
  title =     {A study of translation edit rate with targeted human annotation},
  booktitle = {Proceedings of the Seventh Conference of the Association for Machine Translation in the Americas},
  pages =     {223--231},
  year =      {2006},
  address =   {Cambridge, MA},
  month =     {August},
}


%%% OTHER SYNTACTIC DECODERS: %%%%%%%%%%%%%%%%%%%%%%%%%%%%%%%%%%%%%%%%%%%%%%%%

@InProceedings{Chiang-Hiero,
  author    = {David Chiang},
  title     = {A Hierarchical Phrase-Based Model for Statistical Machine Translation},
  booktitle = {Proceedings of the 43rd Annual Meeting of the ACL},
  month     = {June},
  year      = {2005},
  address   = {Ann Arbor, MI},
  pages     = {263--270},
}

@InProceedings{ZollmannVenugopal-SyntaxAugmentedMT,
  author    = {Andreas Zollmann and Ashish Venugopal},
  title     = {Syntax Augmented Machine Translation via Chart Parsing},
  booktitle = {Proceedings of the Workshop on Statistical Machine Translation},
  month     = {June},
  year      = {2006},
  address   = {New York, NY},
  pages     = {138--141},
}

@InProceedings{LiEtAl-Joshua,
  author =  {Zhifei Li and Chris Callison-Burch and Chris Dyer and Juri Ganitkevitch and Sanjeev Khudanpur and Lane Schwartz and Wren N.G. Thornton and Jonathan Weese and Omar F. Zaidan},
  title =   {Joshua: An Open Source Toolkit for Parsing-Based Machine Translation},
  booktitle = {Proceedings of the Fourth Workshop on Statistical Machine Translation},
  month = {March},
  year =    {2009},
  address =  {Athens, Greece},
  pages =   {135--139},
}

@InProceedings{LiKhudanpur-JoshuaLM,
  author    = {Zhifei Li and Sanjeev Khudanpur},
  title     = {A Scalable Decoder for Parsing-Based Machine Translation with Equivalent Language Model State Maintenance},
  booktitle = {Proceedings of the Second ACL Workshop on Syntax and Structure in Statistical Translation},
  month     = {June},
  year      = {2008},
  address   = {Columbus, OH},
  pages     = {10--18},
}


%%% OTHER SYNTAX-BASED MT TECHNIQUES: %%%%%%%%%%%%%%%%%%%%%%%%%%%%%%%%%%%%%%%%

@InProceedings{GalleyEtAl-TransRule,
  author    = {Michel Galley and Mark Hopkins and Kevin Knight and Daniel Marcu},
  title     = {What's in a Translation Rule?},
  booktitle = {HLT-NAACL 2004: Main Proceedings},
  month     = {May},
  year      = {2004},
  address   = {Boston, MA},
  pages     = {273--280},
}

@InProceedings{HuangKnight-Relabeling,
  author    = {Bryant Huang and Kevin Knight},
  title     = {Relabeling Syntax Trees to Improve Syntax-Based Machine Translation Quality},
  booktitle = {Proceedings of the Human Language Technology Conference of the North American Chapter of the ACL},
  month     = {June},
  year      = {2006},
  address   = {New York, NY},
  pages     = {240--247},
}

@InProceedings{GalleyEtAl-TTS,
  author    = {Michel Galley and Jonathan Graehl and Kevin Knight and Daniel Marcu and Steve DeNeefe and Wei Wang and Ignacio Thayer},
  title     = {Scalable Inference and Training of Context-Rich Syntactic Translation Models},
  booktitle = {Proceedings of the 21st International Conference on Computational Linguistics and 44th Annual Meeting of the ACL},
  month     = {July},
  year      = {2006},
  address   = {Sydney, Australia},
  pages     = {961--968},
}

@InProceedings{HuangAndChiang-TTS,
  author    = {Liang Huang and David Chiang},
  title     = {Forest Rescoring: Faster Decoding with Integrated Language Models},
  booktitle = {Proceedings of the 45th Annual Meeting of the ACL},
  month     = {June},
  year      = {2007},
  address   = {Prague, Czech Republic},
  pages     = {144--151},
}

@InProceedings{VenugopalEtAl-PreferenceGrammars,
  author    = {Ashish Venugopal and Andreas Zollmann and Noah A. Smith and Stephan Vogel},
  title     = {Preference Grammars: Softening Syntactic Constraints to Improve Statistical Machine Translation},
  booktitle = {Human Language Technologies: The 2009 Annual Conference of the North American Chapter of the ACL},
  month     = {June},
  year      = {2009},
  address   = {Boulder, CO},
  pages     = {236--244},
}

@InProceedings{Chiang-SourceAndTarget,
  author    = {David Chiang},
  title     = {Learning to Translate with Source and Target Syntax},
  booktitle = {Proceedings of the 48th Annual Meeting of the Association for Computational Linguistics},
  month     = {July},
  year      = {2010},
  address   = {Uppsala, Sweden},
  pages     = {1443--1452},
}

@InProceedings{LiuEtAl-BilingPhrases,
  author    = {Yang Liu and Qun Liu and Shouxun Lin},
  title     = {Tree-to-String Alignment Template for Statistical Machine Translation},
  booktitle = {Proceedings of the 21st International Conference on Computational Linguistics and 44th Annual Meeting of the ACL},
  month     = {July},
  year      = {2006},
  address   = {Sydney, Australia},
  pages     = {609--616},
}

@InProceedings{LiuEtAl-ForestBasedT2T,
  author    = {Yang Liu and Yajuan L\"u and Qun Liu},
  title     = {Improving Tree-to-Tree Translations with Packed Forests},
  booktitle = {Proceedings of the 47th Annual Meeting of the ACL and the Fourth IJCNLP of the AFNLP},
  month     = {August},
  year      = {2009},
  address   = {Suntec, Singapore},
  pages     = {558--566},
}

@Article{AhoUllman-SCFGs,
  author =  {A.V. Aho and J.D. Ullman},
  title =   {Syntax Directed Translations and the Pushdown Assembler},
  journal = {Journal of Computer and System Sciences},
  year =    {1969},
  volume =  {3},
  number =  {1},
  pages =   {37--56},
}

@InProceedings{YamadaKnight-SyntacticMT,
  author    = {Kenji Yamada and Kevin Knight},
  title     = {A Syntax-Based Statistical Translation Model},
  booktitle = {Proceedings of 39th Annual Meeting of the Association for Computational Linguistics},
  month     = {July},
  year      = {2001},
  address   = {Toulouse, France},
  pages     = {523--530},
}

@InProceedings{SetiawanResnik-HieroXXRules,
  author    = {Hendra Setiawan and Philip Resnik},
  title     = {Generalizing Hierarchical Phrase-Based Translation using Rules with Adjacent Nonterminals},
  booktitle = {Human Language Technologies: The 2010 Annual Conference of the North American Chapter of the ACL},
  month     = {June},
  year      = {2010},
  address   = {Los Angeles, CA},
  pages     = {349--352},
}




@InProceedings{TaskarEtAl-Aligner,
  author = {Ben Taskar and Simon Lacoste-Julien and Dan Klein},
  title = {A Discriminative Matching Approach to Word Alignment},
  booktitle = {Proceedings of HLT/EMNLP 2005},
  pages = {73--80},
  year = {2005},
  address = {Vancouver, Canada},
  month = {October},
}

@Article{Wu-ITG,
  author =  {Dekai Wu},
  title =   {Stochastic Inversion Transduction Grammars and Bilingual Parsing of Parallel Corpora},
  journal = {Computational Linguistics},
  year =    {1997},
  volume =  {23},
  number =  {3},
  pages =   {377--403},
}

@InProceedings{Koehn-Europarl,
  author    = {Philipp Koehn},
  title     = {Europarl: A Parallel Corpus for Statistical Machine Translation},
  booktitle = {Proceedings of the 10th Machine Translation Summit},
  month     = {September},
  year      = {2005},
  address   = {Phuket, Thailand},
  pages     = {79--86},
}

@InProceedings{WangEtAl-Binarizing,
  author    = {Wei Wang and Kevin Knight and Daniel Marcu},
  title     = {Binarizing Syntax Trees to Improve Syntax-Based Machine Translation Accuracy},
  booktitle = {Proceedings of the 2007 Joint Conference on Empirical Methods in Natural Language Processing and Computational Natural Language Learning},
  month     = {June},
  year      = {2007},
  address   = {Prague, Czech Republic},
  pages     = {746--754},
}

@InProceedings{MartonResnik-SoftSyntax,
  author    = {Yuval Marton and Philip Resnik},
  title     = {Soft Syntactic Constraints for Hierarchical Phrase-Based Translation},
  booktitle = {Proceedings of ACL-08: HLT},
  month     = {June},
  year      = {2008},
  address   = {Columbus, OH},
  pages     = {1003--1011},
}

@InProceedings{CCB-WMT07,
  author =    {Chris Callison-Burch and Cameron Fordyce and Philipp Koehn and Christof Monz and Josh Schroeder},
  title =     {({M}eta-) evaluation of machine translation},
  booktitle = {Proceedings of the Second Workshop on Statistical Machine Translation},
  pages =     {136--158},
  year =      {2007},
  address =   {Prague, Czech Republic},
  month =     {June},
}

@InProceedings{Fossum-LinkDel,
  author = 		 {Victoria Fossum and Kevin Knight and Steven Abney},
  title = 		 {Using Syntax to Improve Word Alignment Precision for Syntax-Based Machine Translation},
  booktitle = {Proceedings of the Third Workshop on Statistical Machine Translation},
  pages = 	 {44--51},
  year = 	 {2008},
  address = 	 {Columbus, OH},
  month = 	 {June},
}

@InProceedings{Koehn-BootstrapSampling,
  author = 		 {Philipp Koehn},
  title = 		 {Statistical Significance Tests for Machine Translation Evaluation},
  booktitle = {Proceedings of EMNLP 2004},
  pages =    {388--395},
  year = 	 {2004},
  address = 	 {Barcelona, Spain},
  month = 	 {July},
}

@TechReport{ZhangVogel-SALM,
  author = 		 {Ying Zhang and Stephan Vogel},
  title = 		 {Suffix Array and its Applications in Empirical Natural Language Processing},
  institution =  {Carnegie Mellon University},
  year = 		 {2006},
  number = 	 {CMU-LTI-06-010},
  address = 	 {Pittsburgh, PA},
  month = 	 {December},
}

@Article{KLDivergence,
  author = 		 {Solomon Kullback and Richard A. Leibler},
  title = 		 {On Information and Sufficiency},
  journal = 	 {The Annals of Mathematical Statistics},
  year = 		 {1951},
  volume = 	 {22},
  number = 	 {1},
  pages = 	 {79--86},
}

@InProceedings{GareraEtAl-POSMatching,
  author = 		 {Nikesh Garera and Chris Callison-Burch and David Yarowsky},
  title = 		 {Improving Translation Lexicon Induction from Monolingual Corpora via Dependency Contexts and Part-of-Speech Equivalences},
  booktitle = {Proceedings of the 13th Conference on Computational Natural Language Learning},
  pages = 	 {129--137},
  year = 	 {2009},
  address = 	 {Boulder, CO},
  month = 	 {June},
}

@InProceedings{LiEtAl-VariationalDecoding,
  author = {Zhifei Li and Jason Eisner and Sanjeev Khudanpur},
  title = {Variational Decoding for Statistical Machine Translation},
  booktitle = {Proceedings of the 47th Annual Meeting of the ACL and the Fourth IJCNLP of the AFNLP},
  pages = {593--601},
  year = {2009},
  address = {Suntec, Singapore},
  month = {August},
}

@Article{DempsterEtAl-EM,
  author =  {A.P. Dempster and N.M. Laird and D.B. Rubin},
  title =   {Maximum Likelihood from Incomplete Data via the {EM} Algorithm},
  journal = {Journal of the Royal Statistical Society},
  year =    {1977},
  volume =  {39},
  number =  {1},
  pages =   {1--38},
}

@InProceedings{PareschiSteedman-SpuriousAmbiguityCCG,
  author = {Remo Pareschi and Mark Steedman},
  title = {A Lazy Way to Chart-Parse with Categorial Grammars},
  booktitle = {Proceedings of the 25th Annual Meeting of the Association for Computational Linguistics},
  pages = {81--88},
  year = {1987},
  address = {Stanford, CA},
  month = {July},
}

@InProceedings{AuliEtAl-SearchSpaces,
  author = {Michael Auli and Adam Lopez and Hieu Hoang and Philipp Koehn},
  title = {A Systematic Analysis of Translation Model Search Spaces},
  booktitle = {Proceedings of the Fourth Workshop on Statistical Machine Translation},
  pages = {224--232},
  year = {2009},
  address = {Athens, Greece},
  month = {March},
}
